@article{ruchanurucks_2006, title={Neural Network Based Foreground Segmentation with an Application to Multi-Sensor 3D Modeling}, DOI={10.1109/mfi.2006.265586}, journal={Proceedings of the 2006 IEEE International Conference on Multisensor Fusion and Integration for Intelligent Systems}, author={Ruchanurucks, Miti and Ogawara, Koichi and Ikeuchi, Katsushi}, year={2006}}

@article{maddalena_2012, title={The SOBS algorithm: What are the limits?}, DOI={10.1109/cvprw.2012.6238922}, journal={Proceedings of the 2012 IEEE Computer Society Conference on Computer Vision and Pattern Recognition Workshops. CVPR 2012}, author={Maddalena, Lucia and Petrosino, Alfredo}, year={2012}}

@article{avidan_2001, title={Support Vector Tracking}, DOI={10.1109/cvpr.2001.990474}, journal={Proceedings of the 2001 IEEE Computer Society Conference on Computer Vision and Pattern Recognition. CVPR 2001}, author={Avidan, S.}, year={2001}}

@article{birchfield_1998, title={Elliptical head tracking using intensity gradients and color histograms}, DOI={10.1109/cvpr.1998.698614}, journal={Proceedings of the 1998 IEEE Computer Society Conference on Computer Vision and Pattern Recognition. CVPR 1998}, author={Birchfield, S.}, year={1998}}

@article{jepson_2003, title={Robust online appearance models for visual tracking}, DOI={10.1109/cvpr.2001.990505}, journal={Proceedings of the 2001 IEEE Computer Society Conference on Computer Vision and Pattern Recognition. CVPR 2001}, author={Jepson, A.d. and Fleet, D.j. and El-Maraghi, T.r.},year={2001}}

@article{fieguth_1997, title={Color-based tracking of heads and other mobile objects at video frame rates}, DOI={10.1109/cvpr.1997.609292}, journal={Proceedings of the 1997 IEEE Computer Society Conference on Computer Vision and Pattern Recognition. CVPR 1997}, author={Fieguth, P. and Terzopoulos, D.}, year={1997}}

@article{shi_1994, title={Good features to track}, DOI={10.1109/cvpr.1994.323794}, journal={Proceedings of the 1994 IEEE Computer Society Conference on Computer Vision and Pattern Recognition. CVPR 1994}, author={Shi, Jianbo and Tomasi}, year={1994}}

@article{cham_1999, title={A multiple hypothesis approach to figure tracking}, DOI={10.1109/cvpr.1999.784636}, journal={Proceedings of the 1999 IEEE Computer Society Conference on Computer Vision and Pattern Recognition. CVPR 1999}, author={Cham, Tat-Jen and Rehg, J.m.}, year={1999}}

@article{intille_1997, title={Real-time closed-world tracking}, DOI={10.1109/cvpr.1997.609402}, journal={Proceedings of the 1997 IEEE Computer Society Conference on Computer Vision and Pattern Recognition. CVPR 1997}, author={Intille, S.s. and Davis, J.w. and Bobick, A.f.}, year={1997}}

@article{rosales_1999, title={3D trajectory recovery for tracking multiple objects and trajectory guided recognition of actions}, DOI={10.1109/cvpr.1999.784618}, journal={Proceedings of the 1999 IEEE Computer Society Conference on Computer Vision and Pattern Recognition. CVPR 1999}, author={Rosales, R. and Sclaroff, S.}, year={1999}}

@article{rangarajan_1991, title={Establishing motion correspondence}, DOI={10.1109/cvpr.1991.139669}, journal={Proceedings of the 1991 IEEE Computer Society Conference on Computer Vision and Pattern Recognition. CVPR 1991}, author={Rangarajan, K. and Shah, M.}, year={1991}}

@article{chen_2001, title={JPDAF based HMM for real-time contour tracking}, DOI={10.1109/cvpr.2001.990521}, journal={Proceedings of the 2001 IEEE Computer Society Conference on Computer Vision and Pattern Recognition. CVPR 2001}, author={Chen, Yunqiang and Rui, Yong and Huang, T.s.}, year={2001}}

@article{hofmann_2012, title={Background segmentation with feedback: The Pixel-Based Adaptive Segmenter}, DOI={10.1109/cvprw.2012.6238925}, journal={Proceedings of the 2012 IEEE Computer Society Conference on Computer Vision and Pattern Recognition Workshops. CVPR 2012}, author={Hofmann, Martin and Tiefenbacher, Philipp and Rigoll, Gerhard}, year={2012}}

@article{sridhar_2015, title={Fast and robust hand tracking using detection-guided optimization}, DOI={10.1109/cvpr.2015.7298941}, journal={Proceedings of the 2015 IEEE Computer Society Conference on Computer Vision and Pattern Recognition. CVPR 2015}, author={Sridhar, Srinath and Mueller, Franziska and Oulasvirta, Antti and Theobalt, Christian}, year={2015}}

@article{li_2013_pixel, title={Pixel-Level Hand Detection in Ego-centric Videos}, DOI={10.1109/cvpr.2013.458}, journal={Proceedings of the 2013 IEEE Computer Society Conference on Computer Vision and Pattern Recognition. CVPR 2013}, author={Li, Cheng and Kitani, Kris M.}, year={2013}}

@article{misra_2015, title={Watch and learn: Semi-supervised learning of object detectors from videos}, DOI={10.1109/cvpr.2015.7298982}, journal={Proceedings of the 2015 IEEE Computer Society Conference on Computer Vision and Pattern Recognition. CVPR 2015}, author={Misra, Ishan and Shrivastava, Abhinav and Hebert, Martial}, year={2015}}

@article{kim_2008, title={Real time object tracking based on dynamic feature grouping with background subtraction}, DOI={10.1109/cvpr.2008.4587551}, journal={Proceedings of the 2008 IEEE Computer Society Conference on Computer Vision and Pattern Recognition. CVPR 2008}, author={Kim, Zuwhan}, year={2008}}

@article{comaniciu_2000, title={Real-time tracking of non-rigid objects using mean shift}, DOI={10.1109/cvpr.2000.854761}, journal={Proceedings of the 2000 IEEE Computer Society Conference on Computer Vision and Pattern Recognition. CVPR 2000}, author={Comaniciu, D. and Ramesh, V. and Meer, P.}, year={2000}}

@article{alayrac_2016, title={Unsupervised Learning from Narrated Instruction Videos}, DOI={10.1109/cvpr.2016.495}, journal={Proceedings of the 2016 IEEE Computer Society Conference on Computer Vision and Pattern Recognition. CVPR 2016}, author={Alayrac, Jean-Baptiste and Bojanowski, Piotr and Agrawal, Nishant and Sivic, Josef and Laptev, Ivan and Lacoste-Julien, Simon}, year={2016}}

@article{bobick_1998, title={Action recognition using probabilistic parsing}, DOI={10.1109/cvpr.1998.698609}, journal={Proceedings of the 1998 IEEE Computer Society Conference on Computer Vision and Pattern Recognition. CVPR 1998}, author={Bobick, A.f. and Ivanov, Y.a.}, year={1998}}

@article{corso_2012, title={Action bank: A high-level representation of activity in video}, DOI={10.1109/cvpr.2012.6247806}, journal={Proceedings of the 2012 IEEE Computer Society Conference on Computer Vision and Pattern Recognition. CVPR 2012}, author={Sadanand, S. and Corso, J. J.}, year={2012}}

@article{darwin_2015, title={Modeling video evolution for action recognition}, DOI={10.1109/cvpr.2015.7299176}, journal={Proceedings of the 2015 IEEE Computer Society Conference on Computer Vision and Pattern Recognition. CVPR 2015)}, author={Fernando, Basura and Gavves, Efstratios and Oramas, M. Jose and Ghodrati, Amir and Tuytelaars, Tinne}, year={2015}}

@article{jain_2013, title={Representing Videos Using Mid-level Discriminative Patches}, DOI={10.1109/cvpr.2013.332}, journal={Proceedings of the 2013 IEEE Computer Society Conference on Computer Vision and Pattern Recognition. CVPR 2013}, author={Jain, Arpit and Gupta, Abhinav and Rodriguez, Mikel and Davis, Larry S.}, year={2013}}

@article{jain_2015, title={What do 15,000 object categories tell us about classifying and localizing actions?}, DOI={10.1109/cvpr.2015.7298599}, journal={Proceedings of the 2015 IEEE Computer Society Conference on Computer Vision and Pattern Recognition. CVPR 2015}, author={Jain, Mihir and Gemert, Jan C. Van and Snoek, Cees G. M.}, year={2015}}

@article{pirsiavash_2014, title={Parsing Videos of Actions with Segmental Grammars}, DOI={10.1109/cvpr.2014.85}, journal={Proceedings of the 2014 IEEE Computer Society Conference on Computer Vision and Pattern Recognition. CVPR 2014}, author={Pirsiavash, Hamed and Ramanan, Deva}, year={2014}}

@article{rohrbach_2012, title={A database for fine grained activity detection of cooking activities}, DOI={10.1109/cvpr.2012.6247801}, journal={Proceedings of the 2012 IEEE Computer Society Conference on Computer Vision and Pattern Recognition. CVPR 2012}, author={Rohrbach, M. and Amin, S. and Andriluka, M. and Schiele, B.}, year={2012}}

@article{ryoo_2006, title={Recognition of Composite Human Activities through Context-Free Grammar Based Representation}, DOI={10.1109/cvpr.2006.242}, journal={Proceedings of the 2006 IEEE Computer Society Conference on Computer Vision and Pattern Recognition. CVPR 2006}, author={Ryoo, M.s. and Aggarwal, J.k.}, year={2006}}

@article{ryoo_2010, title={Stochastic representation and recognition of high-level group activities: Describing structural uncertainties in human activities}, DOI={10.1109/cvpr.2009.5204329}, journal={Proceedings of the 2009 IEEE Computer Society Conference on Computer Vision and Pattern Recognition Workshops. CVPR 2009}, author={Ryoo, M.s. and Aggarwal, J.k.}, year={2009}}

@article{nguyen_2005, title={Learning and Detecting Activities from Movement Trajectories Using the Hierarchical Hidden Markov Models}, DOI={10.1109/cvpr.2005.203}, journal={Proceedings of the 2005 IEEE Computer Society Conference on Computer Vision and Pattern Recognition. CVPR 2005}, author={Nguyen, N.t. and Phung, D.q. and Venkatesh, S. and Bui, H.}, year={2005}}

@article{kuehne_2014, title={The Language of Actions: Recovering the Syntax and Semantics of Goal-Directed Human Activities}, DOI={10.1109/cvpr.2014.105}, journal={Proceedings of the 2014 IEEE Computer Society Conference on Computer Vision and Pattern Recognition. CVPR 2014}, author={Kuehne, Hilde and Arslan, Ali and Serre, Thomas}, year={2014}}

@article{shi_2004, title={Propagation networks for recognition of partially ordered sequential action}, DOI={10.1109/cvpr.2004.1315255}, journal={Proceedings of the 2004 IEEE Computer Society Conference on Computer Vision and Pattern Recognition. CVPR 2004.}, author={Shi, Yifan and Huang, Yan and Minnen, D. and Bobick, A. and Essa, I.}, year={2004}}

@article{nevatia_2003, title={Hierarchical Language-based Representation of Events in Video Streams}, DOI={10.1109/cvprw.2003.10038}, journal={Proceedings of the 2003 IEEE Computer Society Conference on Computer Vision and Pattern Recognition Workshop. CVPR 2003}, author={Nevatia, Ram and Zhao, Tao and Hongeng, Somboon}, year={2003}}

@article{cheng_2014, title={BING: Binarized Normed Gradients for Objectness Estimation at 300fps}, DOI={10.1109/cvpr.2014.414}, journal={Proceedings of the 2014 IEEE Computer Society Conference on Computer Vision and Pattern Recognition. CVPR 2014}, author={Cheng, Ming-Ming and Zhang, Ziming and Lin, Wen-Yan and Torr, Philip}, year={2014}}

@article{ciresan_2012, title={Multi-column deep neural networks for image classification}, DOI={10.1109/cvpr.2012.6248110}, journal={Proceedings of the 2012 IEEE Computer Society Conference on Computer Vision and Pattern Recognition. CVPR 2012}, author={Ciresan, D. and Meier, U. and Schmidhuber, J.}, year={2012}}

@article{donahue_2015, title={Long-term recurrent convolutional networks for visual recognition and description}, DOI={10.1109/cvpr.2015.7298878}, journal={Proceedings of the 2015 IEEE Computer Society Conference on Computer Vision and Pattern Recognition. CVPR 2015}, author={Donahue, Jeff and Hendricks, Lisa Anne and Guadarrama, Sergio and Rohrbach, Marcus and Venugopalan, Subhashini and Darrell, Trevor and Saenko, Kate}, year={2015}}

@article{redmon_2015, title={You Only Look Once: Unified, Real-Time Object Detection}, DOI={10.1109/cvpr.2016.91}, journal={Proceedings of the 2016 IEEE Computer Society Conference on Computer Vision and Pattern Recognition. CVPR 2016}, author={Redmon, Joseph and Divvala, Santosh and Girshick, Ross and Farhadi, Ali}, year={2016}}

@article{zhang_2005, title={Local Features and Kernels for Classification of Texture and Object Categories: An In-Depth Study}, DOI={10.1109/cvprw.2006.121}, journal={Proceedings of the 2005 IEEE Computer Society Conference on Computer Vision and Pattern Recognition Workshop. CVPR 2005}, author={Zhang, Jianguo and Marszalek, M. and Lazebnik, S. and Schmid, C.}, year={2005}}

@article{mahamud_2003_optimal, title={The optimal distance measure for object detection}, DOI={10.1109/cvpr.2003.1211361}, journal={Proceedings of the 2003 IEEE Computer Society Conference on Computer Vision and Pattern Recognition. CVPR 2003}, author={Mahamud, S. and Hebert, M.}, year={2003}}

@article{felzenszwalb_2008, title={A discriminatively trained, multiscale, deformable part model}, DOI={10.1109/cvpr.2008.4587597}, journal={Proceedings of the 2008 IEEE Computer Society Conference on Computer Vision and Pattern Recognition. CVPR 2008}, author={Felzenszwalb, Pedro and Mcallester, David and Ramanan, Deva}, year={2008}}

@article{long_2016, title={Fully convolutional networks for semantic segmentation}, DOI={10.1109/cvpr.2015.7298965}, journal={Proceedings of the 2015 IEEE Computer Society Conference on Computer Vision and Pattern Recognition. CVPR 2015}, author={Long, Jonathan and Shelhamer, Evan and Darrell, Trevor}, year={2015}}

@article{hoai_2011, title={Joint segmentation and classification of human actions in video}, DOI={10.1109/cvpr.2011.5995470}, journal={Proceedings of the 2011 IEEE Computer Society Conference on Computer Vision and Pattern Recognition. CVPR 2011}, author={Hoai, Minh and Lan, Zhen-Zhong and Torre, Fernando De La}, year={2011}}

@article{viola_jones, title={Rapid object detection using a boosted cascade of simple features}, DOI={10.1109/cvpr.2001.990517}, journal={Proceedings of the 2001 IEEE Computer Society Conference on Computer Vision and Pattern Recognition. CVPR 2001}, author={Viola, P. and Jones, M.}, year={2001}}

@article{bargi_2012, title={An online HDP-HMM for joint action segmentation and classification in motion capture data}, DOI={10.1109/cvprw.2012.6239230}, journal={Proceedings of the 2012 IEEE Computer Society Conference on Computer Vision and Pattern Recognition Workshops. CVPR 2012}, author={Bargi, Ava and Xu, Richard Yi Da and Piccardi, Massimo}, year={2012}}

@article{zhu_2014, title={Saliency Optimization from Robust Background Detection}, DOI={10.1109/cvpr.2014.360}, journal={Proceedings of the 2014 IEEE Computer Society Conference on Computer Vision and Pattern Recognition. CVPR 2014}, author={Zhu, Wangjiang and Liang, Shuang and Wei, Yichen and Sun, Jian}, year={2014}}

@article{dean_2013, title={Fast, Accurate Detection of 100,000 Object Classes on a Single Machine}, DOI={10.1109/cvpr.2013.237}, journal={Proceedings of the 2013 IEEE Computer Society Conference on Computer Vision and Pattern Recognition. CVPR 2013}, author={Dean, Thomas and Ruzon, Mark A. and Segal, Mark and Shlens, Jonathon and Vijayanarasimhan, Sudheendra and Yagnik, Jay}, year={2013}}

@article{wu_2015, title={Watch-n-patch: Unsupervised understanding of actions and relations}, DOI={10.1109/cvpr.2015.7299065}, journal={Proceedings of the 2015 IEEE Computer Society Conference on Computer Vision and Pattern Recognition. CVPR 2015}, author={Wu, Chenxia and Zhang, Jiemi and Savarese, Silvio and Saxena, Ashutosh}, year={2015}}

@article{shi_2008, title={Discriminative human action segmentation and recognition using semi-Markov model}, DOI={10.1109/cvpr.2008.4587557}, journal={Proceedings of the 2008 IEEE Computer Society Conference on Computer Vision and Pattern Recognition. CVPR 2008}, author={Shi, Qinfeng and Wang, Li and Cheng, Li and Smola, Alex}, year={2008}}

@article{spriggs_2009, title={Temporal segmentation and activity classification from first-person sensing}, DOI={10.1109/cvpr.2009.5204354}, journal={Proceedings of the 2009 IEEE Computer Society Conference on Computer Vision and Pattern Recognition Workshops. CVPR 2009}, author={Spriggs, E.h. and Torre, F. De La and Hebert, M.}, year={2009}}

@article{kantorov_2014, title={Efficient Feature Extraction, Encoding, and Classification for Action Recognition}, DOI={10.1109/cvpr.2014.332}, journal={Proceedings of the 2014 IEEE Computer Society Conference on Computer Vision and Pattern Recognition. CVPR 2009}, author={Kantorov, Vadim and Laptev, Ivan}, year={2014}}

@article{karpathy_2014, title={Large-Scale Video Classification with Convolutional Neural Networks}, DOI={10.1109/cvpr.2014.223}, journal={Proceedings of the 2014 IEEE Computer Society Conference on Computer Vision and Pattern Recognition. CVPR 2014}, author={Karpathy, Andrej and Toderici, George and Shetty, Sanketh and Leung, Thomas and Sukthankar, Rahul and Fei-Fei, Li}, year={2014}}

@article{ke_2007, title={Spatio-temporal Shape and Flow Correlation for Action Recognition}, DOI={10.1109/cvpr.2007.383512}, journal={Proceedings of the 2007 IEEE Computer Society Conference on Computer Vision and Pattern Recognition. CVPR 2007}, author={Ke, Yan and Sukthankar, Rahul and Hebert, Martial}, year={2007}}

@article{laptev_2008, title={Learning realistic human actions from movies}, DOI={10.1109/cvpr.2008.4587756}, journal={Proceedings of the 2008 IEEE Computer Society Conference on Computer Vision and Pattern Recognition. CVPR 2008}, author={Laptev, Ivan and Marszalek, Marcin and Schmid, Cordelia and Rozenfeld, Benjamin}, year={2008}}

@article{gavrila_1995, title={3-D model-based tracking of humans in action: a multi-view approach}, DOI={10.1109/cvpr.1996.517056}, journal={Proceedings of the 1996 IEEE Computer Society Conference on Computer Vision and Pattern Recognition. CVPR 1996}, author={Gavrila, D.m. and Davis, L.s.}, year={1996}}

@article{rohrbach_2016, title={A dataset for Movie Description}, DOI={10.1109/cvpr.2015.7298940}, journal={Proceedings of the 2015 IEEE Computer Society Conference on Computer Vision and Pattern Recognition. CVPR 2015}, author={Rohrbach, Anna and Rohrbach, Marcus and Tandon, Niket and Schiele, Bernt}, year={2015}}

@article{wong_2007, title={Learning Motion Categories using both Semantic and Structural Information}, DOI={10.1109/cvpr.2007.383332}, journal={Proceedings of the 2007 IEEE Computer Society Conference on Computer Vision and Pattern Recognition. CVPR 2007}, author={Wong, Shu-Fai and Kim, Tae-Kyun and Cipolla, Roberto}, year={2007}}

@article{yamato_1992, title={Recognizing human action in time-sequential images using hidden Markov model}, DOI={10.1109/cvpr.1992.223161}, journal={Proceedings of the 1992 IEEE Computer Society Conference on Computer Vision and Pattern Recognition. CVPR 1992}, author={Yamato, J. and Ohya, J. and Ishii, K.}, year={1992}}

@article{szegedy_2015, title={Going deeper with convolutions}, DOI={10.1109/cvpr.2015.7298594}, journal={Proceedings of the 2015 IEEE Computer Society Conference on Computer Vision and Pattern Recognition. CVPR 2015}, author={Szegedy, Christian and Liu, Wei and Jia, Yangqing and Sermanet, Pierre and Reed, Scott and Anguelov, Dragomir and Erhan, Dumitru and Vanhoucke, Vincent and Rabinovich, Andrew}, year={2015}}

@article{vinyals_2015, title={Show and tell: A neural image caption generator}, DOI={10.1109/cvpr.2015.7298935}, journal={Proceedings of the 2015 IEEE Computer Society Conference on Computer Vision and Pattern Recognition. CVPR 2015}, author={Vinyals, Oriol and Toshev, Alexander and Bengio, Samy and Erhan, Dumitru}, year={2015}}

@article{yang_2015_grasp, title={Grasp type revisited: A modern perspective on a classical feature for vision}, DOI={10.1109/cvpr.2015.7298637}, journal={Proceedings of the 2015 IEEE Computer Society Conference on Computer Vision and Pattern Recognition. CVPR 2015}, author={Yang, Yezhou and Fermuller, Cornelia and Li, Yi and Aloimonos, Yiannis}, year={2015}}

@article{andriluka_2009, title={Pictorial structures revisited: People detection and articulated pose estimation}, DOI={10.1109/cvprw.2009.5206754}, journal={Proceedings of the 2009 IEEE Computer Society Conference on Computer Vision and Pattern Recognition. CVPR 2009}, author={Andriluka, M. and Roth, S. and Schiele, B.}, year={2009}}

@article{felzenszwalb_2010_cascade, title={Cascade object detection with deformable part models}, DOI={10.1109/cvpr.2010.5539906}, journal={Proceedings of the 2010 IEEE Computer Society Conference on Computer Vision and Pattern Recognition. CVPR 2010}, author={Felzenszwalb, Pedro F. and Girshick, Ross B. and Mcallester, David}, year={2010}}

@inproceedings{dalal_2005,
 author = {Dalal, Navneet and Triggs, Bill},
 title = {Histograms of Oriented Gradients for Human Detection},
 booktitle = {Proceedings of the 2005 IEEE Computer Society Conference on Computer Vision and Pattern Recognition. CVPR 2005},
 year = {2005}
}

@inproceedings{mikolajczyk_2006,
 author = {Mikolajczyk, Krystian and Leibe, Bastian and Schiele, Bernt},
 title = {Multiple Object Class Detection with a Generative Model},
 booktitle = {Proceedings of the 2006 IEEE Computer Society Conference on Computer Vision and Pattern Recognition. CVPR 2006},
 year = {2006}
}

@inproceedings{stauffer_1999,
  author = {Stauffer, Chris and Grimson, W. Eric L.},
  booktitle = {Proceedings of the 1999 IEEE Computer Society Conference on Computer Vision and Pattern Recognition. CVPR 1999},
  title = {Adaptive Background Mixture Models for Real-Time Tracking},
  year = {1999}
}

@article{fergus_2003, title={Object class recognition by unsupervised scale-invariant learning}, DOI={10.1109/cvpr.2003.1211479}, journal={Proceedings of the 2003 IEEE Computer Society Conference on Computer Vision and Pattern Recognition. CVPR 2003}, author={Fergus, R. and Perona, P. and Zisserman, A.}, year={2003}}

@article{turk_1991, title={Face recognition using eigenfaces}, DOI={10.1109/cvpr.1991.139758}, journal={Proceedings of the 1991 IEEE Computer Society Conference on Computer Vision and Pattern Recognition. CVPR 1991}, author={Turk, M.a. and Pentland, A.p.}, year={1991}}

@article{he_2015, title={Deep Residual Learning for Image Recognition}, DOI={10.1109/cvpr.2016.90}, journal={Proceedings of the 2016 IEEE Computer Society Conference on Computer Vision and Pattern Recognition. CVPR 2016}, author={He, Kaiming and Zhang, Xiangyu and Ren, Shaoqing and Sun, Jian}, year={2016}}

@article{zhou_2015, title={Interaction part mining: A mid-level approach for fine-grained action recognition}, DOI={10.1109/cvpr.2015.7298953}, journal={Proceedings of the 2015 IEEE Computer Society Conference on Computer Vision and Pattern Recognition. CVPR 2015}, author={Zhou, Yang and Ni, Bingbing and Hong, Richang and Wang, Meng and Tian, Qi}, year={2015}}

@article{isard_2001, title={BraMBLe: a Bayesian multiple-blob tracker}, DOI={10.1109/iccv.2001.937594}, journal={Proceedings of the 2001 IEEE International Conference on Computer Vision. ICCV 2001}, author={Isard, M. and Maccormick, J.}, year={2001}}

@article{huttenlocher_1993, title={Tracking non-rigid objects in complex scenes}, DOI={10.1109/iccv.1993.378231}, journal={Proceedings of the 1993 IEEE International Conference on Computer Vision. ICCV 1993}, author={Huttenlocher, D.p. and Noh, J.j. and Rucklidge, W.j.}, year={1993}}

@article{bojanowski_2015, title={Weakly-Supervised Alignment of Video with Text}, DOI={10.1109/iccv.2015.507}, journal={Proceedings of the 2015 IEEE International Conference on Computer Vision. ICCV 2015}, author={Bojanowski, P. and Lajugie, R. and Grave, E. and Bach, F. and Laptev, I. and Ponce, J. and Schmid, C.}, year={2015}}

@article{cheron_2015, title={P-CNN: Pose-Based CNN Features for Action Recognition}, DOI={10.1109/iccv.2015.368}, journal={Proceedings of the 2015 IEEE International Conference on Computer Vision. ICCV 2015}, author={Cheron, Guilhem and Laptev, Ivan and Schmid, Cordelia}, year={2015}}

@article{sener_2016, title={Unsupervised Semantic Parsing of Video Collections}, DOI={10.1109/iccv.2015.509}, journal={Proceedings of the 2015 IEEE International Conference on Computer Vision. ICCV 2015}, author={Sener, Ozan and Zamir, Amir R. and Savarese, Silvio and Saxena, Ashutosh}, year={2015}}

@article{wang_2013, title={Action Recognition with Improved Trajectories}, DOI={10.1109/iccv.2013.441}, journal={Proceedings of the 2013 IEEE International Conference on Computer Vision. ICCV 2013}, author={Wang, Heng and Schmid, Cordelia}, year={2013}}

@article{mahamud_2003, title={Minimum risk distance measure for object recognition}, DOI={10.1109/iccv.2003.1238349}, journal={Proceedings of the 2003 IEEE International Conference on Computer Vision. ICCV 2003}, author={Mahamud and Hebert}, year={2003}}

@article{lowe_1999, title={Object recognition from local scale-invariant features}, DOI={10.1109/iccv.1999.790410}, journal={Proceedings of the 1999 IEEE International Conference on Computer Vision. ICCV 1999}, author={Lowe, D.g.}, year={1999}}

@article{girshick_2015, title={Fast R-CNN}, DOI={10.1109/iccv.2015.169}, journal={Proceedings of the 2015 IEEE International Conference on Computer Vision. ICCV 2015}, author={Girshick, Ross}, year={2015}}

@article{zheng_2015, title={Conditional Random Fields as Recurrent Neural Networks}, DOI={10.1109/iccv.2015.179}, journal={Proceedings of the 2015 IEEE International Conference on Computer Vision. ICCV 2015}, author={Zheng, Shuai and Jayasumana, Sadeep and Romera-Paredes, Bernardino and Vineet, Vibhav and Su, Zhizhong and Du, Dalong and Huang, Chang and Torr, Philip H. S.}, year={2015}}

@article{wang_2011, title={Action recognition by dense trajectories}, DOI={10.1109/cvpr.2011.5995407}, journal={Proceedings of the 2011 IEEE International Conference on Computer Vision. ICCV 2011}, author={Wang, Heng and Klaser, Alexander and Schmid, Cordelia and Liu, Cheng-Lin}, year={2011}}

@article{guo_2013, title={Video Co-segmentation for Meaningful Action Extraction}, DOI={10.1109/iccv.2013.278}, journal={Proceedings of the 2013 IEEE International Conference on Computer Vision. ICCV 2013}, author={Guo, Jiaming and Li, Zhuwen and Cheong, Loong-Fah and Zhou, Steven Zhiying}, year={2013}}

@article{duchenne_2009, title={Automatic annotation of human actions in video}, DOI={10.1109/iccv.2009.5459279}, journal={Proceedings of the 2009 IEEE International Conference on Computer Vision. ICCV 2009}, author={Duchenne, Olivier and Laptev, Ivan and Sivic, Josef and Bach, Francis and Ponce, Jean}, year={2009}}

@article{efros_2003, title={Recognizing action at a distance}, DOI={10.1109/iccv.2003.1238420}, journal={Proceedings of the 2003 IEEE International Conference on Computer Vision. ICCV 2003}, author={Efros and Berg and Mori and Malik}, year={2003}}

@article{dollar_2005, title={Behavior Recognition via Sparse Spatio-Temporal Features}, DOI={10.1109/vspets.2005.1570899}, journal={Proceedings of the 2005 IEEE International Workshop on Visual Surveillance and Performance Evaluation of Tracking and Surveillance}, author={Dollar, P. and Rabaud, V. and Cottrell, G. and Belongie, S.}, year={2005}}

@article{kitani_2008, title={Recovering the Basic Structure of Human Activities from a Video-Based Symbol String}, DOI={10.1109/wmvc.2007.34}, journal={Proceedings of the 2007 IEEE Workshop on Motion and Video Computing. WMVC 2007}, author={Kitani, Kris and Sato, Yoichi and Sugimoto, Akihiro}, year={2007}}

@article{savarese_2008, title={Spatial-Temporal correlatons for unsupervised action classification}, DOI={10.1109/wmvc.2008.4544068}, journal={Proceedings of the 2008 IEEE Workshop on Motion and Video Computing. WMVC 2008}, author={Savarese, Silvio and Delpozo, Andrey and Niebles, Juan Carlos and Fei-Fei, Li}, year={2008}}

@article{natarajan_2007, title={Coupled Hidden Semi Markov Models for Activity Recognition}, DOI={10.1109/wmvc.2007.12}, journal={Proceedings of the 2007 IEEE Workshop on Motion and Video Computing. WMVC 2007}, author={Natarajan, Pradeep and Nevatia, Ramakant}, year={2007}}

@article{oliver_2000, title={A Bayesian computer vision system for modeling human interactions}, volume={22}, DOI={10.1109/34.868684}, number={8}, journal={Proceedings of the 2000 IEEE Transactions on Pattern Analysis and Machine Intelligence}, author={Oliver, N.m. and Rosario, B. and Pentland, A.p.}, year={2000}, pages={831-843}}

@article{bobick_2001
,	title	= {The recognition of human movement using temporal templates}
,	author	= {Bobick, Aaron F. and Davis, James W.}
,	journal	= {Proceedings of the 2001 IEEE Transactions on Pattern Analysis and Machine Intelligence}
,	volume	= {23}
,	number	= {3}
,	pages	= {257--267}
,	year	= {2001}
,	publisher	= {IEEE}
}

@article{mikolajczyk_2005,
 author = {Mikolajczyk, Krystian and Schmid, Cordelia},
 title = {A Performance Evaluation of Local Descriptors},
 journal = {Proceedings of the 2005 IEEE Transactions on Pattern Analysis and Machine Intelligence},
 volume = {27},
 number = {10},
 month = oct,
 year = {2005},
 pages = {1615--1630},
 publisher = {IEEE Computer Society},
 address = {Washington, DC, USA}
}

@article{peterfreund_1999,
 author = {Peterfreund, Natan},
 title = {Robust Tracking of Position and Velocity With Kalman Snakes},
 journal = {Proceedings of the 1999 IEEE Transactions on Pattern Analysis and Machine Intelligence},
 volume = {21},
 number = {6},
 month = jun,
 year = {1999},
 pages = {564--569},
 publisher = {IEEE Computer Society},
 address = {Washington, DC, USA}
}

@article{comaniciu_2003,
 author = {Comaniciu, Dorin and Ramesh, Visvanathan and Meer, Peter},
 title = {Kernel-Based Object Tracking},
 journal = {Proceedings of the 2003 IEEE Transactions on Pattern Analysis and Machine Intelligence},
 volume = {25},
 number = {5},
 month = may,
 year = {2003},
 pages = {564--575},
 publisher = {IEEE Computer Society},
 address = {Washington, DC, USA}
}

@article{ponce_1989,
 author = {Ponce, J. and Chelberg, D. and Mann, W. B.},
 title = {Invariant Properties of Straight Homogeneous Generalized Cylinders and Their Contours},
 journal = {Proceedings of the 1989 IEEE Transactions on Pattern Analysis and Machine Intelligence},
 volume = {11},
 number = {9},
 month = sep,
 year = {1989},
 pages = {951--966},
 publisher = {IEEE Computer Society},
 address = {Washington, DC, USA}
}

@article{belhumeur_1997, title={Eigenfaces vs. Fisherfaces: recognition using class specific linear projection}, volume={19}, DOI={10.1109/34.598228}, number={7}, journal={Proceedings of the 1997 IEEE Transactions on Pattern Analysis and Machine Intelligence}, author={Belhumeur, P.n. and Hespanha, J.p. and Kriegman, D.j.}, year={1997}, pages={711-720}}

@article{ren_2016, title={Faster R-CNN: Towards Real-Time Object Detection with Region Proposal Networks}, volume={39}, DOI={10.1109/tpami.2016.2577031}, number={6}, journal={Proceedings of the 2017 IEEE Transactions on Pattern Analysis and Machine Intelligence}, author={Ren, Shaoqing and He, Kaiming and Girshick, Ross and Sun, Jian}, year={2017}, month={Jan}, pages={1137-1149}}

@article{felzenszwalb_2010, title={Object Detection with Discriminatively Trained Part-Based Models}, volume={32}, DOI={10.1109/tpami.2009.167}, number={9}, journal={Proceedings of the 2010 IEEE Transactions on Pattern Analysis and Machine Intelligence}, author={Felzenszwalb, P F and Girshick, R B and Mcallester, D and Ramanan, D}, year={2010}, pages={1627-1645}}

@article{grimson_1987, title={Localizing Overlapping Parts by Searching the Interpretation Tree}, volume={PAMI-9}, DOI={10.1109/tpami.1987.4767935}, number={4}, journal={Proceedings of the 1987 IEEE Transactions on Pattern Analysis and Machine Intelligence}, author={Grimson, W. Eric L. and Lozano-Perez, Tomas}, year={1987}, pages={469-482}}

@article{haritaoglu_2000, title={W4: Real-time surveillance of people and their activities}, volume={22}, DOI={10.1109/34.868683}, number={8}, journal={Proceedings of the 2000 IEEE Transactions on Pattern Analysis and Machine Intelligence}, author={Haritaoglu, I. and Harwood, D. and Davis, L.s.}, year={2000}, pages={809–830}}

@article{yilmaz_2004, title={Contour-based object tracking with occlusion handling in video acquired using mobile cameras}, volume={26}, DOI={10.1109/tpami.2004.96}, number={11}, journal={Proceedings of the 2004 IEEE Transactions on Pattern Analysis and Machine Intelligence}, author={Yilmaz, A. and Li, Xin and Shah, M.}, year={2004}, pages={1531–1536}}

@article{mansouri_2002, title={Region tracking via level set PDEs without motion computation}, volume={24}, DOI={10.1109/tpami.2002.1017621}, number={7}, journal={Proceedings of the 2002 IEEE Transactions on Pattern Analysis and Machine Intelligence}, author={Mansouri, A.-R.}, year={2002}, pages={947–961}}

@article{veenman_2001, title={Resolving motion correspondence for densely moving points}, volume={23}, DOI={10.1109/34.899946}, number={1}, journal={Proceedings of the 2001 IEEE Transactions on Pattern Analysis and Machine Intelligence}, author={Veenman, C.j. and Reinders, M.j.t. and Backer, E.}, year={2001}, pages={54–72}}

@article{salari_1990, title={Feature point correspondence in the presence of occlusion}, volume={12}, DOI={10.1109/34.41387}, number={1}, journal={Proceedings of the 1990 IEEE Transactions on Pattern Analysis and Machine Intelligence}, author={Salari, V. and Sethi, I.k.}, year={1990}, pages={87–91}}

@article{sethi_1987, title={Finding Trajectories of Feature Points in a Monocular Image Sequence}, volume={PAMI-9}, DOI={10.1109/tpami.1987.4767872}, number={1}, journal={Proceedings of the 1987 IEEE Transactions on Pattern Analysis and Machine Intelligence}, author={Sethi, Ishwar K. and Jain, Ramesh}, year={1987}, pages={56–73}}

@article{shafique_2003, title={A noniterative greedy algorithm for multiframe point correspondence}, volume={27}, DOI={10.1109/tpami.2005.1}, number={1}, journal={Proceedings of the 2003 IEEE Transactions on Pattern Analysis and Machine Intelligence}, author={Shafique, K. and Shah, M.}, year={2005}, pages={51–65}}

@article{rasmussen_2001, title={Probabilistic data association methods for tracking complex visual objects}, volume={23}, DOI={10.1109/34.927458}, number={6}, journal={Proceedings of the 2001 IEEE Transactions on Pattern Analysis and Machine Intelligence}, author={Rasmussen, C. and Hager, G.d.}, year={2001}, pages={560–576}}

@article{tao_2002, title={Object tracking with Bayesian estimation of dynamic layer representations}, volume={24}, DOI={10.1109/34.982885}, number={1}, journal={Proceedings of the 2002 IEEE Transactions on Pattern Analysis and Machine Intelligence}, author={Tao, Hai and Sawhney, H.s. and Kumar, R.}, year={2002}, pages={75–89}}

@article{broida_1986, title={Estimation of Object Motion Parameters from Noisy Images}, volume={PAMI-8}, DOI={10.1109/tpami.1986.4767755}, number={1}, journal={Proceedings of the 1986 IEEE Transactions on Pattern Analysis and Machine Intelligence}, author={Broida, Ted J. and Chellappa, Rama}, year={1986}, pages={90–99}}

@article{comaniciu_2002, title={Mean shift: a robust approach toward feature space analysis}, volume={24}, DOI={10.1109/34.1000236}, number={5}, journal={Proceedings of the 2002 IEEE Transactions on Pattern Analysis and Machine Intelligence}, author={Comaniciu, D. and Meer, P.}, year={2002}, pages={603–619}}

@article{ho_1995, title={Random decision forests}, DOI={10.1109/icdar.1995.598994}, journal={Proceedings of the 1995 International Conference on Document Analysis and Recognition}, author={Ho, Tin Kam}, year={1995}}

@article{laptev_2004, title={Recognizing human actions: a local SVM approach}, DOI={10.1109/icpr.2004.1334462}, journal={Proceedings of the 2004 International Conference on Pattern Recognition. ICPR 2004}, author={Schuldt, C. and Laptev, I. and Caputo, B.}, year={2004}}

@article{pan_2004, title={MMSS: Multi-Modal Story-Oriented Video Summarization}, DOI={10.1109/icdm.2004.10033}, journal={Proceedings of the 2004 IEEE International Conference on Data Mining}, author={Pan, Jia-Yu and Yang, Hyungjeong and Faloutsos, C.}, year={2004}}

@article{chiu_2000, title={A genetic algorithm for video segmentation and summarization}, DOI={10.1109/icme.2000.871011}, journal={Proceedings of the 2000 IEEE International Conference on Multimedia and Expo. ICME 2000}, author={Chiu, P. and Girgensohn, A. and Polak, W. and Rieffel, E. and Wilcox, L.}, year={2000}}

@article{li_2013, title={A benchmark for semantic image segmentation}, DOI={10.1109/icme.2013.6607512}, journal={Proceedings of the 2013 IEEE International Conference on Multimedia and Expo. ICME 2013}, author={Li, Hui and Cai, Jianfei and Nguyen, Thi Nhat Anh and Zheng, Jianmin}, year={2013}}
 
@article{li_hu_xu_yue_grinspun_allen_2016, title={Multi-sensor surface analysis for robotic ironing}, DOI={10.1109/icra.2016.7487788}, journal={Proceedings of the 2016 IEEE International Conference on Robotics and Automation. ICRA 2016}, author={Li, Yinxiao and Hu, Xiuhan and Xu, Danfei and Yue, Yonghao and Grinspun, Eitan and Allen, Peter K.}, year={2016}}

@article{delannay_2009, title={Detection and recognition of sports(wo)men from multiple views}, DOI={10.1109/icdsc.2009.5289407}, journal={Proceedings of the 2009 ACM/IEEE International Conference on Distributed Smart Cameras. ICDSC 2009}, author={Delannay, Damien and Danhier, Nicolas and Vleeschouwer, Christophe De}, year={2009}}

@article{srivatsa_2015, title={Salient object detection via objectness measure}, DOI={10.1109/icip.2015.7351654}, journal={Proceedings of the 2015 IEEE International Conference on Image Processing ICIP 2015}, author={Srivatsa, R Sai and Babu, R. Venkatesh}, year={2015}}

@article{plagemann_2010, title={Real-time identification and localization of body parts from depth images}, DOI={10.1109/robot.2010.5509559}, journal={Proceedings of the 2010 IEEE International Conference on Robotics and Automation. ICRA 2010}, author={Plagemann, Christian and Ganapathi, Varun and Koller, Daphne and Thrun, Sebastian}, year={2010}}

@article{simard_2003, title={Best practices for convolutional neural networks applied to visual document analysis}, DOI={10.1109/icdar.2003.1227801}, journal={Proceedings of the 2003 International Conference on Document Analysis and Recognition}, author={Simard, P.y. and Steinkraus, D. and Platt, J.c.}, year={2003}}

@article{kolkur_2016, title={Human Skin Detection Using RGB, HSV and YCbCr Color Models}, DOI={10.2991/iccasp-16.2017.51}, journal={Proceedings of the 2016 International Conference on Communication and Signal Processing. ICCASP 2016}, author={Kolkur, S. and Kalbande, D. and Shimpi, P. and Bapat, C. and Jatakia, J.}, year={2016}}

@article{yang_2014_manipulation, title={Manipulation action tree bank: A knowledge resource for humanoids}, DOI={10.1109/humanoids.2014.7041483}, journal={Proceedings of the 2014 IEEE-RAS International Conference on Humanoid Robots}, author={Yang, Yezhou and Guha, Anupam and Fermuller, Cornelia and Aloimonos, Yiannis}, year={2014}}

@article{rodomagoulakis_2016, title={Multimodal human action recognition in assistive human-robot interaction}, DOI={10.1109/icassp.2016.7472168}, journal={Proceedings of the 2016 IEEE International Conference on Acoustics, Speech and Signal Processing. ICASSP 2016}, author={Rodomagoulakis, I. and Kardaris, N. and Pitsikalis, V. and Mavroudi, E. and Katsamanis, A. and Tsiami, A. and Maragos, P.}, year={2016}}

@article{mistree_2015, title={Real time object tracking for high performance system using GPGPU}, DOI={10.1109/infop.2015.7489441}, journal={Proceedings of the 2015 International Conference on Information Processing. ICIP 2015}, author={Mistree, Kinjal B. and Dutt, Ashutosh and Kothiya, Shraddha V.}, year={2015}}

@article{kodjo_2012, title={Real-time moving object tracking in video}, DOI={10.1109/icoom.2012.6316342}, journal={Proceedings of the 2012 International Conference on Optoelectronics and Microelectronics}, author={Kodjo, Amedome Min-Dianey and Jinhua, Yang}, year={2012}}

@article{chen_2014, title={Real-Time Robust Hand Tracking Based on Camshift and Motion Velocity}, DOI={10.1109/icdh.2014.11}, journal={Proceedings of the 2014 International Conference on Digital Home}, author={Chen, Chenand Zhang, Mingmin and Qiu, Kaijia and Pan, Zhigeng}, year={2014}}

@article{kang_2004, title={Object reacquisition using invariant appearance model}, DOI={10.1109/icpr.2004.1333883}, journal={Proceedings of the 2004 International Conference on Pattern Recognition. ICPR 2004.}, author={Kang, Jinman and Cohen, I. and Medioni, G.}, year={2004}}

@article{cox_1996, title={An efficient implementation and evaluation of Reids multiple hypothesis tracking algorithm for visual tracking}, DOI={10.1109/icpr.1994.576318}, journal={Proceedings of the 1996 International Conference on Pattern Recognition. ICPR 1996}, author={Cox, I.j. and Hingorani, S.l.}, year={1996}}

@article{wang_2005, title={A Re-evaluation of Mixture-of-Gaussian Background Modeling}, DOI={10.1109/icassp.2005.1415580}, journal={Proceedings of the 2005 IEEE International Conference on Acoustics, Speech, and Signal Processing. ICASSP 2005}, author={Wang, Hanzi and Suter, D.}, year={2005}}

@article{braham_2016, title={Deep background subtraction with scene-specific convolutional neural networks}, DOI={10.1109/iwssip.2016.7502717}, journal={Proceedings of the 2016 International Conference on Systems, Signals and Image Processing. IWSSIP 2016}, author={Braham, Marc and Droogenbroeck, Marc Van}, year={2016}}

@article{jenifa_2012, title={Rapid background subtraction from video sequences}, DOI={10.1109/icceet.2012.6203780}, journal={Proceedings of the 2012 International Conference on Computing, Electronics and Electrical Technologies. ICCEET 2012}, author={Jenifa, R. Amali Therese and Akila, C. and Kavitha, V.}, year={2012}}

@article{barnich_2009, title={ViBE: A powerful random technique to estimate the background in video sequences}, DOI={10.1109/icassp.2009.4959741}, journal={Proceedings of the 2009 IEEE International Conference on Acoustics, Speech and Signal Processing. ICASSP 2009}, author={Barnich, Olivier and Droogenbroeck, Marc Van}, year={2009}}

@INPROCEEDINGS{beymer_1999,
    author = {David Beymer and Kurt Konolige},
    title = {Real-Time Tracking of Multiple People Using Continuous Detection},
    booktitle = {Proceedings of the 1999 IEEE International Workshop on Intelligent Environments},
    year = {1999}
}

@inproceedings{lucas_1981,
 author = {Lucas, Bruce D. and Kanade, Takeo},
 title = {An Iterative Image Registration Technique with an Application to Stereo Vision},
 booktitle = {Proceedings of the 1981 International Joint Conference on Artificial Intelligence - Volume 2},
 series = {IJCAI'81},
 year = {1981},
 pages = {674--679},
 publisher = {Morgan Kaufmann Publishers Inc.},
 address = {San Francisco, CA, USA},
}

@article{zinnen_2009, title={An Analysis of Sensor-Oriented vs. Model-Based Activity Recognition}, journal={Proceedings of the 2009 International Symposium on Wearable Computers}, author={Zinnen, Andreas and Blanke, Ulf and Schiele, Bernt}, year={2009}}

@inproceedings{ciresan_2011,
 author = {Cire\c{s}an, Dan C. and Meier, Ueli and Masci, Jonathan and Gambardella, Luca M. and Schmidhuber, J\"{u}rgen},
 title = {Flexible, High Performance Convolutional Neural Networks for Image Classification},
 booktitle = {Proceedings of the 2011 International Joint Conference on Artificial Intelligence - Volume Two},
 series = {IJCAI'11},
 year = {2011},
 pages = {1237--1242},
 publisher = {AAAI Press}
}

@inproceedings{song_2016,
 author = {Song, Young Chol and Naim, Iftekhar and Al Mamun, Abdullah and Kulkarni, Kaustubh and Singla, Parag and Luo, Jiebo and Gildea, Daniel and Kautz, Henry},
 title = {Unsupervised Alignment of Actions in Video with Text Descriptions},
 booktitle = {Proceedings of the 2016 International Joint Conference on Artificial Intelligence},
 series = {IJCAI'16},
 year = {2016},
 pages = {2025--2031},
 publisher = {AAAI Press},
}

@article{starner_1995, title={Real-time American Sign Language recognition from video using hidden Markov models}, DOI={10.1109/iscv.1995.477012}, journal={Proceedings of the 1995 International Symposium on Computer Vision. ISCV 1995}, author={Starner, T. and Pentland, A.}, year={1995}}

@article{yang_2015_learning, title={Learning the Semantics of Manipulation Action}, DOI={10.3115/v1/p15-1066}, journal={Proceedings of the 2015 (53rd) Annual Meeting of the Association for Computational Linguistics and the 7th International Joint Conference on Natural Language Processing (Volume 1: Long Papers)}, author={Yang, Yezhou and Aloimonos, Yiannis and Fermuller, Cornelia and Aksoy, Eren Erdal}, year={2015}}

@article{yang_2016_grounded, title={Grounded Semantic Role Labeling}, DOI={10.18653/v1/n16-1019}, journal={Proceedings of the 2016 Conference of the North American Chapter of the Association for Computational Linguistics: Human Language Technologies}, author={Yang, Shaohua and Gao, Qiaozi and Liu, Changsong and Xiong, Caiming and Zhu, Song-Chun and Chai, Joyce Y.}, year={2016}}

@article{chen_2014_fast, title={A Fast and Accurate Dependency Parser using Neural Networks}, DOI={10.3115/v1/d14-1082}, journal={Proceedings of the 2014 Conference on Empirical Methods in Natural Language Processing. EMNLP 2014}, author={Chen, Danqi and Manning, Christopher}, year={2014}}

@article{lecun_1998, title={Gradient-based learning applied to document recognition}, volume={86}, DOI={10.1109/5.726791}, number={11}, journal={Proceedings of the IEEE 1998}, author={Lecun, Y. and Bottou, L. and Bengio, Y. and Haffner, P.}, year={1998}, pages={2278–2324}}

@article{marr_1978, title={Representation and Recognition of the Spatial Organization of Three-Dimensional Shapes}, volume={200}, DOI={10.1098/rspb.1978.0020}, number={1140}, journal={Proceedings of the Royal Society B: Biological Sciences}, author={Marr, D. and Nishihara, H. K.}, year={1978}, pages={269-294}}

@article{kosmopoulos_2014, title={Segmentation and classification of modeled actions in the context of unmodeled ones}, DOI={10.5244/c.28.95}, journal={Proceedings of the 2014 British Machine Vision Conference}, author={Kosmopoulos, Dimitrios and Papoutsakis, Konstantinos and Argyros, Antonis}, year={2014}}

@ARTICLE{csurka_2004
,	author	= {Csurka, G. and Bray, C. and Dance, C. and Fan, L.}
,	title	= {Visual categorization with bags of keypoints}
,	journal	= {Proceedings of the 2004 European Conference on Computer Vision Workshop on Statistical Learning in Computer Vision}
,	year	= {2004}
,	pages	= {1--22}
}

@inproceedings{matconvnet_2015,
      author    = {A. Vedaldi and K. Lenc},
      title     = {MatConvNet -- Convolutional Neural Networks for MATLAB},
      booktitle = {Proceedings of the 2015 ACM International Conference on Multimedia},
      year      = {2015}
}

@inproceedings{yang_2015,
 author = {Yang, Yezhou and Li, Yi and Fermuller, Cornelia and Aloimonos, Yiannis},
 title = {Robot Learning Manipulation Action Plans by "Watching" Unconstrained Videos from the World Wide Web},
 booktitle = {Proceedings of the 2015 AAAI Conference on Artificial Intelligence},
 series = {AAAI'15},
 year = {2015},
 pages = {3686--3692},
 publisher = {AAAI Press}
}

@inproceedings{moore_2002,
 author = {Moore, Darnell and Essa, Irfan},
 title = {Recognizing Multitasked Activities from Video Using Stochastic Context-free Grammar},
 booktitle = {Proceedings of the 2002 National Conference on Artificial Intelligence},
 year = {2002},
 pages = {770--776},
 publisher = {American Association for Artificial Intelligence},
 address = {Menlo Park, CA, USA}
}

@inproceedings{wang_2009,
   title = {Evaluation of local spatio-temporal features for action recognition},
   author = {Wang, Heng and Ullah, Muhammad Muneeb and Klaser, Alexander and Laptev, Ivan and Schmid, Cordelia},
   year = {2009},
   pages = {124.1-124.11},
   booktitle = {Proceedings of the 2009 British Machine Vision Conference},
   publisher = {BMVA Press},
   note = {doi:10.5244/C.23.124}
}

@inproceedings{farneback_2003,
 author = {Farneb\"{a}ck, Gunnar},
 title = {Two-frame Motion Estimation Based on Polynomial Expansion},
 booktitle = {Proceedings of the 2003 Scandinavian Conference on Image Analysis},
 series = {SCIA'03},
 year = {2003},
 pages = {363--370},
 publisher = {Springer-Verlag},
 address = {Berlin, Heidelberg}
}

@inproceedings{buchsbaum_2011,
  author    = {Buchsbaum Daphna and
               Canini Kevin and Griffiths Thomas},
  title     = {Segmenting and Recognizing Human Action using Low-level Video Features},
  booktitle   = {Proceedings of the Cognitive Science Society 2011},
  volume    = {33},
  year      = {2011}
}

@inproceedings{lozanoperez_1986,
author={T. Lozano-Perez and W.E.L.Grimson},
title={Off-Line Planning for On-Line Object Localization},
booktitle={Proceedings of the 1986 ACM/IEEE Computer Society Joint Computer Conference},
year="1986",
pages={127--132}
}

@INPROCEEDINGS{mundy_1994,
    author = {J. L. Mundy and C. Huang and J. Liu and W. Hoffman and D.A. Forsyth and C. A. Rothwell and A. Zisserman and S. Utcke and O. Bournez},
    title = {MORSE: A 3D Object Recognition System Based on Geometric Invariants},
    booktitle = {Proceedings of the 1994 DARPA Image Understanding Workshop},
    year = {1994},
    pages = {1393--1402},
    publisher = {ARPA}
}

@INPROCEEDINGS{harris_1988,
    author = {Chris Harris and Mike Stephens},
    title = {A combined corner and edge detector},
    booktitle = {Proceedings of the 1988 Alvey Vision Conference},
    year = {1988},
    pages = {147--151}
}

@inproceedings{dalal_2006,
 author = {Dalal, Navneet and Triggs, Bill and Schmid, Cordelia},
 title = {Human Detection Using Oriented Histograms of Flow and Appearance},
 booktitle = {Proceedings of the 2006 European Conference on Computer Vision - Volume Part II},
 year = {2006},
 pages = {428--441},
 publisher = {Springer-Verlag},
 address = {Berlin, Heidelberg}
}

@article{regneri_2013,
   Author = {Regneri, Michaela and Rohrbach, Marcus and 
             Wetzel, Dominikus and Thater, Stefan and 
             Schiele, Bernt and Pinkal, Manfred}, 
   Journal = {Proceedings of the 2013 Transactions of the Association for Computational 
              Linguistics (TACL)},
   Title = {Grounding Action Descriptions in Videos},
   Year = {2013},
   Volume = {1},
   Pages = {25-36}}

@article{reid_1979, title={An algorithm for tracking multiple targets}, DOI={10.1109/cdc.1978.268125}, journal={Proceedings of the 1978 IEEE Conference on Decision and Control including the 17th Symposium on Adaptive Processes}, author={Reid, Donald}, year={1978}}

@article{chang_1991, title={3D structure reconstruction from an ego motion sequence using statistical estimation and detection theory}, DOI={10.1109/wvm.1991.212797}, journal={Proceedings of the 1991 IEEE Workshop on Visual Motion}, author={Chang, Y.-L. and Aggarwal, J.k.} , year={1991}}

@article{lei_2011, title={Real-time object tracking on mobile phones}, DOI={10.1109/acpr.2011.6166663}, journal={Proceedings of the First Asian Conference on Pattern Recognition}, author={Lei, Juan and Feng, Youji and Fan, Lixin and Wu, Yihong}, year={2011}}

@article{sharp_2015, title={Accurate, Robust, and Flexible Real-time Hand Tracking}, DOI={10.1145/2702123.2702179}, journal={Proceedings of the 2015 (33rd) Annual ACM Conference on Human Factors in Computing Systems}, author={Sharp, Toby and Wei, Yichen and Freedman, Daniel and Kohli, Pushmeet and Krupka, Eyal and Fitzgibbon, Andrew and Izadi, Shahram and Keskin, Cem and Robertson, Duncan and Taylor, Jonathan and et al.}, year={2015}}

@article{zhu_2016, title={A two-stage detector for hand detection in ego-centric videos}, DOI={10.1109/wacv.2016.7477665}, journal={Proceedings of the 2016 IEEE Winter Conference on Applications of Computer Vision. WACV 2016}, author={Zhu, Xiaolong and Liu, Wei and Jia, Xuhui and Wong, Kwan-Yee K.}, year={2016}}

@article{dollar_2010, title={The Fastest Pedestrian Detector in the West}, DOI={10.5244/c.24.68}, journal={Proceedings of the 2010 British Machine Vision Conference}, author={Dollar, Piotr and Belongie, Serge and Perona, Pietro}, year={2010}}

@article{cherian_2017_higher, title={Higher-Order Pooling of CNN Features via Kernel Linearization for Action Recognition}, DOI={10.1109/wacv.2017.22}, journal={Proceedings of the 2017 IEEE Winter Conference on Applications of Computer Vision. WACV 2017}, author={Cherian, Anoop and Koniusz, Piotr and Gould, Stephen}, year={2017}}

@article{malmaud_2015, title={What’s Cookin’? Interpreting Cooking Videos using Text, Speech and Vision}, DOI={10.3115/v1/n15-1015}, journal={Proceedings of the 2015 Conference of the North American Chapter of the Association for Computational Linguistics: Human Language Technologies}, author={Malmaud, Jonathan and Huang, Jonathan and Rathod, Vivek and Johnston, Nicholas and Rabinovich, Andrew and Murphy, Kevin}, year={2015}}

@article{brown_2002, title={Invariant Features from Interest Point Groups}, DOI={10.5244/c.16.23}, journal={Proceedings of the 2002 British Machine Vision Conference}, author={Brown, M. and Lowe, D.}, year={2002}}

@article{mittal_2011, title={Hand detection using multiple proposals}, DOI={10.5244/c.25.75}, journal={Proceedings of the 2011 British Machine Vision Conference}, author={Mittal, Arpit and Zisserman, Andrew and Torr, Philip}, year={2011}}

@article{rosenfeld_ullman_2016, title={Hand-Object Interaction and Precise Localization in Transitive Action Recognition}, DOI={10.1109/crv.2016.27}, journal={Proceedings of the 2016 Conference on Computer and Robot Vision. CRV 2016}, author={Rosenfeld, Amir and Ullman, Shimon}, year={2016}}

@Inbook{su_2016,
author="Su, Bing
and Zhou, Jiahuan
and Ding, Xiaoqing
and Wang, Hao
and Wu, Ying",
editor="Leibe, Bastian
and Matas, Jiri
and Sebe, Nicu
and Welling, Max",
title="Hierarchical Dynamic Parsing and Encoding for Action Recognition",
bookTitle="Computer Vision -- ECCV 2016: 14th European Conference, Amsterdam, The Netherlands, October 11--14, 2016, Proceedings, Part IV",
year="2016",
publisher="Springer International Publishing",
address="Cham",
pages="202--217"
}

@article{amin_2013,
author = {Amin, Sikandar and Andriluka, Mykhaylo and Rohrbach, Marcus and Schiele, Bernt},
year = {2013},
month = {01},
pages = {45.1-45.11},
title = {Multi-view Pictorial Structures for 3D Human Pose Estimation},
DOI={10.5244/C.27.45}, 
journal = {Proceedings of the 2013 British Machine Vision Conference}
}

@article{hue_2002, title={Sequential Monte Carlo methods for multiple target tracking and data fusion}, volume={50}, DOI={10.1109/78.978386}, number={2}, journal={Proceedings of the 2002 IEEE Transactions on Signal Processing}, author={Hue, C. and Cadre, J.-P. Le and Perez, P.}, year={2002}, pages={309–325}}

@article{li_2001, title={Model-based temporal object verification using video}, volume={10}, DOI={10.1109/83.923286}, number={6}, journal={Proceedings of the 2001 IEEE Transactions on Image Processing}, author={Li, Baoxin and Chellappa, R. and Zheng, Qinfen and Der, S.z.}, year={2001}, pages={897–908}}

@article{tsai_fu_1980, title={Attributed Grammar-A Tool for Combining Syntactic and Statistical Approaches to Pattern Recognition}, volume={10}, DOI={10.1109/tsmc.1980.4308414}, number={12}, journal={Proceedings of the 1980 IEEE Transactions on Systems, Man, and Cybernetics}, author={Tsai, Wen-Hsiang and Fu, King-Sun}, year={1980}, pages={873–885}}

@article{feix_2013, title={A Metric for Comparing the Anthropomorphic Motion Capability of Artificial Hands}, volume={29}, DOI={10.1109/tro.2012.2217675}, number={1}, journal={Proceedings of the 2013 IEEE Transactions on Robotics}, author={Feix, Thomas and Romero, Javier and Ek, Carl Henrik and Schmiedmayer, Heinz-Bodo and Kragic, Danica}, year={2013}, pages={82–93}}

@article{black_1998, title={EigenTracking: Robust matching and tracking of articulated objects using a view-based representation}, DOI={10.1007/bfb0015548}, journal={Computer Vision — ECCV 1996, Lecture Notes in Computer Science}, author={Black, Michael J. and Jepson, Allan D.}, year={1996}, pages={329–342}}

@article{sridhar_2016, title={Real-Time Joint Tracking of a Hand Manipulating an Object from RGB-D Input}, DOI={10.1007/978-3-319-46475-6_19}, journal={Computer Vision – ECCV 2016, Lecture Notes in Computer Science}, author={Sridhar, Srinath and Mueller, Franziska and Zollhöfer, Michael and Casas, Dan and Oulasvirta, Antti and Theobalt, Christian}, year={2016}, pages={294–310}}

@article{bojanowski_2014, title={Weakly Supervised Action Labeling in Videos under Ordering Constraints}, DOI={10.1007/978-3-319-10602-1_41}, journal={Computer Vision – ECCV 2014, Lecture Notes in Computer Science}, author={Bojanowski, Piotr and Lajugie, Rémi and Bach, Francis and Laptev, Ivan and Ponce, Jean and Schmid, Cordelia and Sivic, Josef}, year={2014}, pages={628–643}}

@article{hoai_2014, title={Improving Human Action Recognition Using Score Distribution and Ranking}, DOI={10.1007/978-3-319-16814-2_1}, journal={Computer Vision - ACCV 2014, Lecture Notes in Computer Science}, author={Hoai, Minh and Zisserman, Andrew}, year={2014}, pages={3–20}}

@article{huang_2016, title={Connectionist Temporal Modeling for Weakly Supervised Action Labeling}, DOI={10.1007/978-3-319-46493-0_9}, journal={Computer Vision – ECCV 2016, Lecture Notes in Computer Science}, author={Huang, De-An and Fei-Fei, Li and Niebles, Juan Carlos}, year={2016}, pages={137–153}}

@article{lu_2016, title={Visual Relationship Detection with Language Priors}, DOI={10.1007/978-3-319-46448-0_51}, journal={Computer Vision – ECCV 2016, Lecture Notes in Computer Science}, author={Lu, Cewu and Krishna, Ranjay and Bernstein, Michael and Fei-Fei, Li}, year={2016}, pages={852–869}}

@article{rohrbach_2012_script, title={Script Data for Attribute-Based Recognition of Composite Activities}, DOI={10.1007/978-3-642-33718-5_11}, journal={Computer Vision – ECCV 2012, Lecture Notes in Computer Science}, author={Rohrbach, Marcus and Regneri, Michaela and Andriluka, Mykhaylo and Amin, Sikandar and Pinkal, Manfred and Schiele, Bernt}, year={2012}, pages={144–157}}

@article{tran_2008, title={Event Modeling and Recognition Using Markov Logic Networks}, DOI={10.1007/978-3-540-88688-4_45}, journal={Computer Vision – ECCV 2008, Lecture Notes in Computer Science}, author={Tran, Son D. and Davis, Larry S.}, year={2008}, pages={610–623}}

@article{behnke_2003, title={Hierarchical Neural Networks for Image Interpretation}, DOI={10.1007/b11963}, journal={Lecture Notes in Computer Science}, author={Behnke, Sven}, year={2003}}

@article{ferrari_2006, title={Object Detection by Contour Segment Networks}, DOI={10.1007/11744078_2}, journal={Computer Vision - ECCV 2006, Lecture Notes in Computer Science}, author={Ferrari, Vittorio and Tuytelaars, Tinne and Gool, Luc Van}, year={2006}, pages={14-28}}

@article{rothwell_1992, title={Canonical frames for planar object recognition}, DOI={10.1007/3-540-55426-2_86}, journal={Computer Vision - ECCV 1992, Lecture Notes in Computer Science}, author={Rothwell, Charles A. and Zisserman, Andrew and Forsyth, David A. and Mundy, Joseph L.}, year={1992}, pages={757-772}}

@article{fratric_2009, title={Real-Time Model-Based Hand Localization for Unsupervised Palmar Image Acquisition}, DOI={10.1007/978-3-642-01793-3_129}, journal={Advances in Biometrics, Lecture Notes in Computer Science}, author={Fratric, Ivan and Ribaric, Slobodan}, year={2009}, pages={1280-1289}}

@article{zhu_2014b, title={Pixel-Level Hand Detection with Shape-Aware Structured Forests}, DOI={10.1007/978-3-319-16817-3_5}, journal={Computer Vision - ACCV 2014, Lecture Notes in Computer Science}, author={Zhu, Xiaolong and Jia, Xuhui and Wong, Kwan-Yee K.}, year={2015}, pages={64-78}}

@article{hirano_2006, title={Industry and Object Recognition: Applications, Applied Research and Challenges}, DOI={10.1007/11957959_3}, journal={Toward Category-Level Object Recognition, Lecture Notes in Computer Science}, author={Hirano, Yutaka and Garcia, Christophe and Sukthankar, Rahul and Hoogs, Anthony}, year={2006}, pages={49-64}}

@article{tighe_2010, title={SuperParsing: Scalable Nonparametric Image Parsing with Superpixels}, DOI={10.1007/978-3-642-15555-0_26}, journal={Computer Vision - ECCV 2010, Lecture Notes in Computer Science}, author={Tighe, Joseph and Lazebnik, Svetlana}, year={2010}, pages={352-365}}

@article{hames_2005, title={Multimodal Integration for Meeting Group Action Segmentation and Recognition}, DOI={10.1007/11677482_5}, journal={Machine Learning for Multimodal Interaction, Lecture Notes in Computer Science}, author={Al-Hames, Marc and Dielmann, Alfred and Gatica-Perez, Daniel and Reiter, Stephan and Renals, Steve and Rigoll, Gerhard and Zhang, Dong}, year={2006}, pages={52-63}}

@article{carvajal_2016, title={Joint Recognition and Segmentation of Actions via Probabilistic Integration of Spatio-Temporal Fisher Vectors}, DOI={10.1007/978-3-319-42996-0_10}, journal={Trends and Applications in Knowledge Discovery and Data Mining, Lecture Notes in Computer Science}, author={Carvajal, Johanna and Mccool, Chris and Lovell, Brian and Sanderson, Conrad}, year={2016}, pages={115-127}}

@article{gong_2012, title={Kernelized Temporal Cut for Online Temporal Segmentation and Recognition}, DOI={10.1007/978-3-642-33712-3_17}, journal={Computer Vision - ECCV 2012, Lecture Notes in Computer Science}, author={Gong, Dian and Medioni, Gerard and Zhu, Sikai and Zhao, Xuemei}, year={2012}, pages={229-243}}

@article{jiang_2012, title={A Tree-Based Approach to Integrated Action Localization, Recognition and Segmentation}, DOI={10.1007/978-3-642-35749-7_9}, journal={Trends and Topics in Computer Vision, Lecture Notes in Computer Science}, author={Jiang, Zhuolin and Lin, Zhe and Davis, Larry S.}, year={2012}, pages={114-127}}

@article{lea_2016, title={Segmental Spatiotemporal CNNs for Fine-Grained Action Segmentation}, DOI={10.1007/978-3-319-46487-9_3}, journal={Computer Vision - ECCV 2016, Lecture Notes in Computer Science}, author={Lea, Colin and Reiter, Austin and Vidal, Rene and Hager, Gregory D.}, year={2016}, pages={36-52}}

@article{lv_2006, title={Recognition and Segmentation of 3-D Human Action Using HMM and Multi-class AdaBoost}, DOI={10.1007/11744085_28}, journal={Computer Vision - ECCV 2006, Lecture Notes in Computer Science}, author={Lv, Fengjun and Nevatia, Ramakant}, year={2006}, pages={359-372}}

@article{potapov_2014, title={Category-Specific Video Summarization}, DOI={10.1007/978-3-319-10599-4_35}, journal={Computer Vision - ECCV 2014, Lecture Notes in Computer Science}, author={Potapov, Danila and Douze, Matthijs and Harchaoui, Zaid and Schmid, Cordelia}, year={2014}, pages={540-555}}

@article{senina_2014, title={Coherent Multi-sentence Video Description with Variable Level of Detail}, DOI={10.1007/978-3-319-11752-2_15}, journal={Pattern Recognition, Lecture Notes in Computer Science}, author={Rohrbach, Anna and Rohrbach, Marcus and Qiu, Wei and Friedrich, Annemarie and Pinkal, Manfred and Schiele, Bernt}, year={2014}, pages={184-195}}

@article{zeiler_2013, title={Visualizing and Understanding Convolutional Networks}, DOI={10.1007/978-3-319-10590-1_53}, journal={Computer Vision - ECCV 2014, Lecture Notes in Computer Science}, author={Zeiler, Matthew D. and Fergus, Rob}, year={2014}, pages={818-833}}

@article{bertalmio_2000, title={Morphing Active Contours}, DOI={10.1007/3-540-48236-9_5}, journal={Scale-Space Theories in Computer Vision, Lecture Notes in Computer Science}, author={Bertalmio, Marcelo and Sapiro, Guillermo and Randall, Gregory}, year={1999}, pages={46–57}}

@article{lowe_2004, title={Distinctive Image Features from Scale-Invariant Keypoints}, volume={60}, DOI={10.1023/b:visi.0000029664.99615.94}, number={2}, journal={International Journal of Computer Vision}, author={Lowe, David G.}, year={2004}, pages={91-110}}

@article{murase_1995, title={Visual learning and recognition of 3-d objects from appearance}, volume={14}, DOI={10.1007/bf01421486}, number={1}, journal={International Journal of Computer Vision}, author={Murase, Hiroshi and Nayar, Shree K.}, year={1995}, pages={5-24}}

@article{faugeras_1986, title={The Representation, Recognition, and Locating of 3-D Objects}, volume={5}, DOI={10.1177/027836498600500302}, number={3}, journal={The International Journal of Robotics Research}, author={Faugeras, O.d. and Hebert, M.}, year={1986}, pages={27-52}}

@article{rohrbach_2015, title={Recognizing Fine-Grained and Composite Activities Using Hand-Centric Features and Script Data}, volume={119}, DOI={10.1007/s11263-015-0851-8}, number={3}, journal={International Journal of Computer Vision}, author={Rohrbach, Marcus and Rohrbach, Anna and Regneri, Michaela and Amin, Sikandar and Andriluka, Mykhaylo and Pinkal, Manfred and Schiele, Bernt}, year={2015}, pages={346–373}}

@article{deori_2014, title={A Survey on Moving Object Tracking in Video}, volume={3}, DOI={10.5121/ijit.2014.3304}, number={3}, journal={International Journal on Information Theory}, author={Deori, Barga and Thounaojam, Dalton Meitei}, year={2014}, pages={31–46}}

@article{lyu_2016, title={Real-time object tracking system based on field-programmable gate array and convolution neural network}, volume={14}, DOI={10.1177/1729881416682705}, number={1}, journal={International Journal of Advanced Robotic Systems}, author={Lyu, Congyi and Chen, Haoyao and Jiang, Xin and Li, Peng and Liu, Yunhui}, year={2016}}

@article{ronfard_1994, title={Region-based strategies for active contour models}, volume={13}, DOI={10.1007/bf01427153}, number={2}, journal={International Journal of Computer Vision}, author={Ronfard, Remi}, year={1994}, pages={229–251}}

@article{schneiderman_2004, title={Object Detection Using the Statistics of Parts}, volume={56}, DOI={10.1023/b:visi.0000011202.85607.00}, number={3}, journal={International Journal of Computer Vision}, author={Schneiderman, Henry and Kanade, Takeo}, year={2004}, pages={151-177}}

@article{rothwell_1995, title={Planar object recognition using projective shape representation}, volume={16}, DOI={10.1007/bf01428193}, number={1}, journal={International Journal of Computer Vision}, author={Rothwell, C. A. and Zisserman, A. and Forsyth, D. A. and Mundy, J. L.}, year={1995}, pages={57-99}}

@Article{huttenlocher_1987,
author="Huttenlocher, Daniel P.
and Ullman, Shimon",
title="Recognizing solid objects by alignment with an image",
journal="International Journal of Computer Vision",
year="1990",
month="Nov",
day="01",
volume="5",
number="2",
pages="195--212"
}

@article{felzenszwalb_2005, title={Pictorial Structures for Object Recognition}, volume={61}, DOI={10.1023/b:visi.0000042934.15159.49}, number={1}, journal={International Journal of Computer Vision}, author={Felzenszwalb, Pedro F. and Huttenlocher, Daniel P.}, year={2005}, pages={55–79}}

@article{lakshmeeswari_2016,
author = {Lakshmeeswari, Gondi and Karthik, K},
year = {2016},
month = {05},
pages = {17-22},
title = {Survey on Algorithms for Object Tracking in Video},
volume = {141},
booktitle = {International Journal of Computer Applications}
}

@article{isard_1998,
 author = {Isard, Michael and Blake, Andrew},
 title = {CONDENSATION: Conditional Density Propagation for Visual Tracking},
 journal = {International Journal of Computer Vision},
 volume = {29},
 number = {1},
 month = aug,
 year = {1998},
 pages = {5--28},
 publisher = {Kluwer Academic Publishers},
 address = {Hingham, MA, USA},
}

@INPROCEEDINGS{viola_2001,
    author = {Paul Viola and Michael Jones},
    title = {Robust Real-time Object Detection},
    booktitle = {International Journal of Computer Vision},
    year = {2001}
}

@article{prasad_2016,
  author    = {Dilip K. Prasad and
               C. Krishna Prasath and
               Deepu Rajan and
               Lily Rachmawati and
               Eshan Rajabally and
               Chai Quek},
  title     = {Challenges in video based object detection in maritime scenario using
               computer vision},
  journal   = {CoRR},
  volume    = {abs/1608.01079},
  year      = {2016}
}

@article{mehta_2014,
  author    = {Shraddha Mehta and
               Vaishali Kalariya},
  title     = {Real Time Object Tracking Based on Inter-frame Coding: {A} Review},
  journal   = {CoRR},
  volume    = {abs/1405.4390},
  year      = {2014}
}

@article{tang_2013,
  author    = {Yichuan Tang},
  title     = {Deep Learning using Support Vector Machines},
  journal   = {CoRR},
  volume    = {abs/1306.0239},
  year      = {2013}
}

@article{yang_2015_neural,
  author    = {Yezhou Yang and
               Yi Li and
               Cornelia Ferm{\"{u}}ller and
               Yiannis Aloimonos},
  title     = {Neural Self Talk: Image Understanding via Continuous Questioning and
               Answering},
  journal   = {CoRR},
  volume    = {abs/1512.03460},
  year      = {2015}
}

@article{huang_2017_state,
  author    = {Jonathan Huang and
               Vivek Rathod and
               Chen Sun and
               Menglong Zhu and
               Anoop Korattikara and
               Alireza Fathi and
               Ian Fischer and
               Zbigniew Wojna and
               Yang Song and
               Sergio Guadarrama and
               Kevin Murphy},
  title     = {Speed/accuracy trade-offs for modern convolutional object detectors},
  journal   = {CoRR},
  volume    = {abs/1611.10012},
  year      = {2016}
}

@article{raheja_2011,
  author    = {Jagdish Lal Raheja and
               Karen Das and
               Ankit Chaudhary},
  title     = {Fingertip Detection: {A} Fast Method with Natural Hand},
  journal   = {CoRR},
  volume    = {abs/1212.0134},
  year      = {2012}
}

@article{kang_2016,
  author    = {Byeongkeun Kang and
               Kar{-}Han Tan and
               Hung{-}Shuo Tai and
               Daniel Tretter and
               Truong Q. Nguyen},
  title     = {Hand Segmentation for Hand-Object Interaction from Depth map},
  journal   = {CoRR},
  volume    = {abs/1603.02345},
  year      = {2016}
}

@article{rosenfeld_2015,
  author    = {Amir Rosenfeld and
               Shimon Ullman},
  title     = {On the Importance of Objects in Human Action Classification},
  journal   = {CoRR},
  volume    = {abs/1511.03814},
  year      = {2015}
}

@article{zhou_2017,
  author    = {Luowei Zhou and
               Chenliang Xu and
               Jason J. Corso},
  title     = {ProcNets: Learning to Segment Procedures in Untrimmed and Unconstrained
               Videos},
  journal   = {CoRR},
  volume    = {abs/1703.09788},
  year      = {2017}
}

@article{ding_2017,
  author    = {Li Ding and
               Chenliang Xu},
  title     = {TricorNet: {A} Hybrid Temporal Convolutional and Recurrent Network
               for Video Action Segmentation},
  journal   = {CoRR},
  volume    = {abs/1705.07818},
  year      = {2017}
}

@article{cherian_2017,
  author    = {Anoop Cherian and
               Basura Fernando and
               Mehrtash Harandi and
               Stephen Gould},
  title     = {Generalized Rank Pooling for Activity Recognition},
  journal   = {CoRR},
  volume    = {abs/1704.02112},
  year      = {2017}
}

@article{DBLP:journals/corr/LiHXYGA16,
  author    = {Yinxiao Li and
               Xiuhan Hu and
               Danfei Xu and
               Yonghao Yue and
               Eitan Grinspun and
               Peter K. Allen},
  title     = {Multi-Sensor Surface Analysis for Robotic Ironing},
  journal   = {CoRR},
  volume    = {abs/1602.04918},
  year      = {2016}
}

@article{grzejszczak_2015, title={Hand landmarks detection and localization in color images}, volume={75}, DOI={10.1007/s11042-015-2934-5}, number={23}, journal={Multimedia Tools and Applications}, author={Grzejszczak, Tomasz and Kawulok, Michal and Galuszka, Adam}, year={2015}, pages={16363-16387}}

@article{salton_1983, title={Term-weighting approaches in automatic text retrieval}, volume={24}, DOI={10.1016/0306-4573(88)90021-0}, number={5}, journal={Information Processing and Management}, author={Salton, Gerard and Buckley, Christopher}, year={1988}, pages={513-523}}

@article{biederman_1987, title={Recognition-by-components: A theory of human image understanding.}, volume={94}, DOI={10.1037//0033-295x.94.2.115}, number={2}, journal={Psychological Review}, author={Biederman, Irving}, year={1987}, pages={115-117}}

@article{haaf_fulkerson_jablonski_hupp_shull_pescara-kovach_2003, title={Object recognition and attention to object components by preschool children and 4-month-old infants}, volume={86}, DOI={10.1016/s0022-0965(03)00108-5}, number={2}, journal={Journal of Experimental Child Psychology}, author={Haaf, Robert A and Fulkerson, Anne L and Jablonski, Brandon J and Hupp, Julie M and Shull, Stacey S and Pescara-Kovach, Lisa}, year={2003}, pages={108-123}}

@article{nevatia_1977, title={Description and recognition of curved objects?}, volume={8}, DOI={10.1016/0004-3702(77)90006-6}, number={1}, journal={Artificial Intelligence}, author={Nevatia, Ramakant and Binford, Thomas O.}, year={1977}, pages={77-98}}

@article{rother_2004, title={"GrabCut" - Interactive Foreground Extraction using Iterated Graph Cuts}, DOI={10.1145/1186562.1015720}, journal={Interactive Foreground Extraction using Iterated Graph Cuts}, author={Rother, Carsten and Kolmogorov, Vladimir and Blake, Andrew}, year={2004}}

@article{pinto_2008, title={Why is Real-World Visual Object Recognition Hard?}, volume={4}, DOI={10.1371/journal.pcbi.0040027}, number={1}, journal={PLoS Computational Biology}, author={Pinto, Nicolas and Cox, David D. and Dicarlo, James J.}, year={2008}}

@article{lu_2012, title={Temporal segmentation and assignment of successive actions in a long-term video}, volume={34}, DOI={10.1016/j.patrec.2012.10.023}, number={15}, journal={Pattern Recognition Letters}, author={Lu, Guoliang and Kudo, Mineichi and Toyama, Jun}, year={2013}, pages={1936-1944}}

@article{shao_2011, title={Human action segmentation and recognition via motion and shape analysis}, volume={33}, DOI={10.1016/j.patrec.2011.05.015}, number={4}, journal={Pattern Recognition Letters}, author={Shao, Ling and Ji, Ling and Liu, Yan and Zhang, Jianguo}, year={2012}, pages={438-445}}

@article{aggarwal_ryoo_2011, title={Human activity analysis}, volume={43}, DOI={10.1145/1922649.1922653}, number={3}, journal={ACM Computing Surveys}, author={Aggarwal, J.k. and Ryoo, M.s.}, year={2011}, month={Jan}, pages={1-43}}

@article{chen_2013, title={Real-time human action recognition based on depth motion maps}, volume={12}, DOI={10.1007/s11554-013-0370-1}, number={1}, journal={Journal of Real-Time Image Processing}, author={Chen, Chen and Liu, Kui and Kehtarnavaz, Nasser}, year={2013}, month={Nov}, pages={155-163}}

@article{johansson_1973, title={Visual perception of biological motion and a model for its analysis}, volume={14}, DOI={10.3758/bf03212378}, number={2}, journal={Perception and Psychophysics}, author={Johansson, Gunnar}, year={1973}, pages={201-211}}

@article{park_2004, title={A hierarchical Bayesian network for event recognition of human actions and interactions}, volume={10}, DOI={10.1007/s00530-004-0148-1}, number={2}, journal={Multimedia Systems}, author={Park, Sangho and Aggarwal, J. K.}, year={2004}, pages={164-179}}

@article{webb_1982, title={Structure from motion of rigid and jointed objects}, volume={19}, DOI={10.1016/0004-3702(82)90023-6}, number={1}, journal={Artificial Intelligence}, author={Webb, Jon A. and Aggarwal, J.k.}, year={1982}, pages={107-130}}

@article{zhang_2015, title={Does the grasp type reveal action intention?}, volume={15}, DOI={10.1167/15.12.1153}, number={12}, journal={Journal of Vision}, author={Zhang, Yi and Yang, Yezhou and Fermuller, Cornelia and Aloimonos, Yiannis}, year={2015}, month={Jan}, pages={1153}}

@article{liu_2002, title={Head tracking using shapes and adaptive color histograms}, volume={17}, DOI={10.1007/bf02960777}, number={6}, journal={Journal of Computer Science and Technology}, author={Liu, Qingshan and Ma, Songde and Lu, Hanqing}, year={2002}, pages={859–864}}

@article{kalman_1960, title={A New Approach to Linear Filtering and Prediction Problems}, DOI={10.1109/9780470544334.ch9}, journal={Control Theory}, year={2009}}

@article{streit_1994, title={Maximum Likelihood Method for Probabilistic Multi-Hypothesis Tracking}, DOI={10.1117/12.179066}, journal={Signal and Data Processing of Small Targets 1994}, author={Streit, Roy L. and Luginbuhl, Tod E.}, year={1994}, month={Jun}}

@article{cremers_2003, title={Statistical shape knowledge in variational motion segmentation}, volume={21}, DOI={10.1016/s0262-8856(02)00128-2}, number={1}, journal={Image and Vision Computing}, author={Cremers, Daniel and Schnörr, Christoph}, year={2003}, pages={77–86}}

@article{maccormick_2000, title={A probabilistic exclusion principle for multiple objects}, DOI={10.1007/978-1-4471-0679-1_6}, journal={Stochastic Algorithms for Visual Tracking}, author={Maccormick, John}, year={2002}, pages={112–123}}

@article{yilmaz_2006, title={Object tracking}, volume={38}, DOI={10.1145/1177352.1177355}, number={4}, journal={ACM Computing Surveys}, author={Yilmaz, Alper and Javed, Omar and Shah, Mubarak}, year={2006}}

@article{sato_2004, title={Temporal spatio-velocity transform and its application to tracking and interaction}, volume={96}, DOI={10.1016/j.cviu.2004.02.003}, number={2}, journal={Computer Vision and Image Understanding}, author={Sato, Koichi and Aggarwal, J.k.}, year={2004}, pages={100–128}}

@article{yasukawa_2016, title={Real-time object tracking based on scale-invariant features employing bio-inspired hardware}, volume={81}, DOI={10.1016/j.neunet.2016.05.002}, journal={Neural Networks}, author={Yasukawa, Shinsuke and Okuno, Hirotsugu and Ishii, Kazuo and Yagi, Tetsuya}, year={2016}, pages={29–38}}

@article{kuehne_2016, title={Weakly supervised learning of actions from transcripts}, DOI={10.1016/j.cviu.2017.06.004}, journal={Computer Vision and Image Understanding}, author={Kuehne, Hilde and Richard, Alexander and Gall, Juergen}, year={2017}}

@article{fukushima_1975, title={Cognitron: A self-organizing multilayered neural network}, volume={20}, DOI={10.1007/bf00342633}, number={3-4}, journal={Biological Cybernetics}, author={Fukushima, Kunihiko}, year={1975}, pages={121–136}}

@article{hubel_1962, title={Receptive fields, binocular interaction and functional architecture in the cats visual cortex}, volume={160}, DOI={10.1113/jphysiol.1962.sp006837}, number={1}, journal={The Journal of Physiology}, author={Hubel, D. H. and Wiesel, T. N.}, year={1962}, month={Jan}, pages={106–154}}

@article{jeannerod_1984, title={The Timing of Natural Prehension Movements}, volume={16}, DOI={10.1080/00222895.1984.10735319}, number={3}, journal={Journal of Motor Behavior}, author={Jeannerod, M.}, year={1984}, pages={235–254}}

@article{rosenblatt_1958, title={The perceptron: A probabilistic model for information storage and organization in the brain.}, volume={65}, DOI={10.1037/h0042519}, number={6}, journal={Psychological Review}, author={Rosenblatt, F.}, year={1958}, pages={386–408}}

@article{shaik_2015, title={Comparative Study of Skin Color Detection and Segmentation in HSV and YCbCr Color Space}, volume={57}, DOI={10.1016/j.procs.2015.07.362}, journal={Procedia Computer Science}, author={Shaik, Khamar Basha and Ganesan, P. and Kalist, V. and Sathish, B.s. and Jenitha, J. Merlin Mary}, year={2015}, pages={41–48}}

@article{lowe_1987, title={Three-dimensional object recognition from single two-dimensional images}, volume={31}, DOI={10.1016/0004-3702(87)90070-1}, number={3}, journal={Artificial Intelligence}, author={Lowe, David G.}, year={1987}, pages={355-395}}

@article{sung_2001, title={An Active Learning Formulation for Instance Selection with Applications to Object Detection}, DOI={10.1007/978-1-4757-3359-4_20}, journal={Instance Selection and Construction for Data Mining}, author={Sung, Kah-Kay and Niyogi, Partha}, year={2001}, pages={357-374}}

@article{swain_1991, title={Color Indexing}, DOI={10.1016/b978-155860651-7/50109-1}, journal={Readings in Multimedia Computing and Networking}, author={Swain, Michael J. and Ballard, Dana H.}, year={2002}, pages={265-277}}

@article{dawod_2016, title={Static Hand Gestures: Fingertips Detection Based on Segmented Images}, volume={11}, DOI={10.3844/jcssp.2015.1090.1098}, number={12}, journal={Journal of Computer Science}, author={Dawod, Ahmad Yahya and Nordin, Md Jan and Abdullah, Junaidi}, year={2015}, month={Jan}, pages={1090-1098}}

@article{duda_1972, title={Use of the Hough transformation to detect lines and curves in pictures}, volume={15}, DOI={10.1145/361237.361242}, number={1}, journal={Communications of the ACM}, author={Duda, Richard O. and Hart, Peter E.}, year={1972}, month={Jan}, pages={11-15}}

@article{babaee_2017, title={A Deep Convolutional Neural Network for Video Sequence Background Subtraction}, DOI={10.1016/j.patcog.2017.09.040}, journal={Pattern Recognition}, author={Babaee, Mohammadreza and Dinh, Duc Tung and Rigoll, Gerhard}, year={2017}}

@article{bouwmans_2008, title={Background Modeling using Mixture of Gaussians for Foreground Detection - A Survey}, volume={1}, DOI={10.2174/1874479610801030219}, number={3}, journal={Recent Patents on Computer Science}, author={Bouwmans, Thierry and Baf, Fida El and Vachon, Bertrand}, year={2010}, month={Sep}, pages={219–237}}

@article{bouwmans_2014, title={Robust PCA via Principal Component Pursuit: A review for a comparative evaluation in video surveillance}, volume={122}, DOI={10.1016/j.cviu.2013.11.009}, journal={Computer Vision and Image Understanding}, author={Bouwmans, Thierry and Zahzah, El Hadi}, year={2014}, pages={22–34}}

@article{kaewtrakulpong_2002, title={An Improved Adaptive Background Mixture Model for Real-time Tracking with Shadow Detection}, DOI={10.1007/978-1-4615-0913-4_11}, journal={Video-Based Surveillance Systems}, author={Kaewtrakulpong, P. and Bowden, R.}, year={2002}, pages={135–144}}

@article{kryjak_2013, title={Real-time implementation of foreground object detection from a moving camera using the ViBe algorithm}, volume={11}, DOI={10.2298/csis131218055k}, number={4}, journal={Computer Science and Information Systems}, author={Kryjak, Tomasz and Komorkiewicz, Mateusz and Gorgon, Marek}, year={2014}, pages={1617–1637}}

@article{freund_1997, title={A Decision-Theoretic Generalization of On-Line Learning and an Application to Boosting}, volume={55}, DOI={10.1006/jcss.1997.1504}, number={1}, journal={Journal of Computer and System Sciences}, author={Freund, Yoav and Schapire, Robert E}, year={1997}, pages={119–139}}

@incollection{alexnet_2012,
title = {ImageNet Classification with Deep Convolutional Neural Networks},
author = {Alex Krizhevsky and Sutskever, Ilya and Hinton, Geoffrey E},
booktitle = {Advances in Neural Information Processing Systems 25},
editor = {F. Pereira and C. J. C. Burges and L. Bottou and K. Q. Weinberger},
pages = {1097--1105},
year = {2012},
publisher = {Curran Associates, Inc.}
}

@misc{cvpr_2014, title={CVPR 2014 Tutorial on Emerging Topics in Human Activity Recognition}, howpublished={\url{http://michaelryoo.com/cvpr2014tutorial}}, year={2014}}

@article{cortes_1995, title={Support-vector networks}, volume={20}, DOI={10.1007/bf00994018}, number={3}, journal={Machine Learning}, author={Cortes, Corinna and Vapnik, Vladimir}, year={1995}, pages={273–297}}

@INPROCEEDINGS{platt_1999,
    author = {John C. Platt},
    title = {Probabilistic Outputs for Support Vector Machines and Comparisons to Regularized Likelihood Methods},
    booktitle = {ADVANCES IN LARGE MARGIN CLASSIFIERS},
    year = {1999},
    pages = {61--74},
    publisher = {MIT Press}
}

@article{luhn_1957, title={A Statistical Approach to Mechanized Encoding and Searching of Literary Information}, volume={1}, DOI={10.1147/rd.14.0309}, number={4}, journal={IBM Journal of Research and Development}, author={Luhn, H. P.}, year={1957}, pages={309–317}}

@article{jones_1972, title={A statistical interpretation of term specificity and its application in retrieval}, volume={60}, DOI={10.1108/00220410410560573}, number={5}, journal={Journal of Documentation}, author={Jones, Karen Spärck}, year={1972}, pages={493–502}}

@book{roberts_1963,
  author = {Roberts, Lawrence G.},
  publisher = {Garland Publishing, New York},
  series = {Outstanding Dissertations in the Computer Sciences},
  title = {Machine Perception of Three-Dimensional Solids},
  year = 1963
}

@article{haaf_2003,
title = "Object recognition and attention to object components by preschool children and 4-month-old infants",
journal = "Journal of Experimental Child Psychology",
volume = "86",
number = "2",
pages = "108 - 123",
year = "2003",
author = "Robert A Haaf and Anne L Fulkerson and Brandon J Jablonski and Julie M Hupp and Stacey S Shull and Lisa Pescara-Kovach"
}

@book{keane_2010, title={Cognitive psychology: a students handbook}, publisher={Psychology Press}, author={Eysenck, Michael W. and Keane, Mark T.}, year={2010}}

@incollection{terzopoulos_1992,
 author = {Terzopoulos, Demetri and Szeliski, Richard},
 chapter = {Tracking with Kalman Snakes},
 title = {Active Vision},
 editor = {Blake, Andrew and Yuille, Alan},
 year = {1993},
 pages = {3--20},
 publisher = {MIT Press},
 address = {Cambridge, MA, USA}
}

@misc{cvpr_2011, title={CVPR 2011 Tutorial on Human Activity Recognition}, howpublished={\url{http://michaelryoo.com/cvpr2011tutorial}}, year={2011}}

@article{steinhaus_1956,
    author = {Steinhaus, H.},
    journal = {Bull. Acad. Polon. Sci},
    pages = {801--804},
    title = {{Sur la division des corp materiels en parties}},
    volume = {1},
    year = {1956}
}

@article{scikit_2011,
 title={Scikit-learn: Machine Learning in {P}ython},
 author={Pedregosa, F. and Varoquaux, G. and Gramfort, A. and Michel, V.
         and Thirion, B. and Grisel, O. and Blondel, M. and Prettenhofer, P.
         and Weiss, R. and Dubourg, V. and Vanderplas, J. and Passos, A. and
         Cournapeau, D. and Brucher, M. and Perrot, M. and Duchesnay, E.},
 journal={Journal of Machine Learning Research},
 volume={12},
 pages={2825--2830},
 year={2011}
}

@article{fukushima_1980,
author = {Fukushima, Kunihiko},
year = {1980},
month = {02},
pages = {193-202},
title = {Neocognitron: A self-organizing neural network model for a mechanism of pattern recognition unaffected by shift in position},
volume = {36},
booktitle = {Biological cybernetics}
}

@misc{dictionary,
	title={Dictionary.com},
	howpublished={\url{Dictionary.com}}
}
